\usepackage{url}

%%%%%%%%%%%%%%%%%%%%%%%%%%%%%%%%%%%%%%%%%%%%%%%%%%%%%%%%%%%%%%%%%%%%%%%%%%%%%%%%%%
% Code repositories
%%%%%%%%%%%%%%%%%%%%%%%%%%%%%%%%%%%%%%%%%%%%%%%%%%%%%%%%%%%%%%%%%%%%%%%%%%%%%%%%%%


@misc{adam_jaamour_2020_3975093, 
    title={Breast Cancer Detection in Mammograms using Deep Learning Techniques - Common Pipeline Code}, 
    DOI={10.5281/zenodo.3975093}, 
    publisher={Zenodo}, 
    author={Adam Jaamour and Ashay Patel and Shuen-Jen Chen},
    url={\url{https://doi.org/10.5281/zenodo.3975093}},
    month={August},
    year={2020},
    version={v1.0}
}

@misc{adam_jaamour_2020_src, 
    title={Breast Cancer Detection in Mammograms using Deep Learning Techniques - Source Code}, 
    DOI={10.5281/zenodo.3985051}, 
    publisher={Zenodo}, 
    author={Adam Jaamour and Ashay Patel and Shuen-Jen Chen},
    url={\url{https://doi.org/10.5281/zenodo.3985051}},
    month={August},
    year={2020},
    version={v1.0}
}


%%%%%%%%%%%%%%%%%%%%%%%%%%%%%%%%%%%%%%%%%%%%%%%%%%%%%%%%%%%%%%%%%%%%%%%%%%%%%%%%%%
% Introduction
%%%%%%%%%%%%%%%%%%%%%%%%%%%%%%%%%%%%%%%%%%%%%%%%%%%%%%%%%%%%%%%%%%%%%%%%%%%%%%%%%%

@misc{BreastCancerResearchUK,
    author = {{Cancer Research UK}},
    title = {{Breast cancer statistics}},
    howpublished = {{\url{https://www.cancerresearchuk.org/health-professional/cancer-statistics/statistics-by-cancer-type/breast-cancer}}},
    note={{[Online] Accessed: 2020-05-28}},
    year = {{2020}}
}

@misc{pep8, 
    title={PEP 8: Style Guide for Python Code}, 
    howpublished={\url{https://www.python.org/dev/peps/pep-0008/}}, 
    note={[Online] Accessed: 2020-06-01},
    year = {{2020}}
}

@article{Polat2007,
    author = {Polat, Kemal and G{\"{u}}neş, Salih},
    doi = {10.1016/j.dsp.2006.10.008},
    issn = {10512004},
    journal = {Digital Signal Processing},
    keywords = {Breast cancer diagnosis,Confusion matrix,Least square support vector machine,Medical diagnosis,Wisconsin breast cancer diagnosis data,k-Fold cross validation},
    month = {jul},
    number = {4},
    pages = {694--701},
    publisher = {Elsevier Inc.},
    title = {{Breast cancer diagnosis using least square support vector machine}},
    url = {\url{https://linkinghub.elsevier.com/retrieve/pii/S1051200406001461}},
    volume = {17},
    year = {2007}
}

@article{Jadoon2017,
    author = {Jadoon, M. Mohsin and Zhang, Qianni and Haq, Ihsan Ul and Butt, Sharjeel and Jadoon, Adeel},
    doi = {10.1155/2017/3640901},
    issn = {23146141},
    journal = {BioMed Research International},
    pmid = {28191461},
    title = {{Three-Class Mammogram Classification Based on Descriptive CNN Features}},
    volume = {2017},
    year = {2017}
}

@inproceedings{Hepsag2017,
    author = {Hepsaǧ, Pinar Uskaner and {\"{O}}zel, Selma Ayşe and Yazici, Adnan},
    booktitle = {2nd International Conference on Computer Science and Engineering, UBMK 2017},
    doi = {10.1109/UBMK.2017.8093429},
    isbn = {9781538609309},
    keywords = {BCDR,Breast Cancer,Convolutional Neural Networks,Deep Learning,MIAS,Mammogram Classification},
    month = {oct},
    pages = {418--423},
    publisher = {Institute of Electrical and Electronics Engineers Inc.},
    title = {{Using deep learning for mammography classification}},
    year = {2017}
}



%%%%%%%%%%%%%%%%%%%%%%%%%%%%%%%%%%%%%%%%%%%%%%%%%%%%%%%%%%%%%%%%%%%%%%%%%%%%%%%%%%
% Literature Review
%%%%%%%%%%%%%%%%%%%%%%%%%%%%%%%%%%%%%%%%%%%%%%%%%%%%%%%%%%%%%%%%%%%%%%%%%%%%%%%%%%

@inproceedings{Osareh2010,
    author = {Osareh, Alireza and Shadgar, Bita},
    booktitle = {2010 5th International Symposium on Health Informatics and Bioinformatics, HIBIT 2010},
    doi = {10.1109/HIBIT.2010.5478895},
    file = {:Users/ajaamour/Documents Local/Mendeley/Osareh, Shadgar/2010 5th International Symposium on Health Informatics and Bioinformatics, HIBIT 2010/Osareh, Shadgar{\_}2010{\_}Machine learning techniques to diagnose breast cancer.pdf:pdf},
    isbn = {9781424459704},
    keywords = {Benign,Breast tumour,Classification,Feature selection and extraction,Malignant},
    mendeley-groups = {CS5099 Dissertation},
    pages = {114--120},
    title = {{Machine learning techniques to diagnose breast cancer}},
    year = {2010}
}

@article{Elter2009,
    author = {Elter, Matthias and Horsch, Alexander},
    doi = {10.1118/1.3121511},
    file = {:Users/ajaamour/Documents Local/Mendeley/Elter, Horsch/Medical Physics/Elter, Horsch{\_}2009{\_}CADx of mammographic masses and clustered microcalcifications A review.pdf:pdf},
    issn = {00942405},
    journal = {Medical Physics},
    keywords = {CADx,Computer-aided diagnosis,Mammography,Review},
    mendeley-groups = {CS5099 Dissertation},
    month = {jun},
    number = {6},
    pages = {2052--2068},
    publisher = {John Wiley and Sons Ltd},
    title = {{CADx of mammographic masses and clustered microcalcifications: A review}},
    volume = {36},
    year = {2009}
}

@misc{Litjens2017,
    author = {Litjens, Geert and Kooi, Thijs and Bejnordi, Babak Ehteshami and Setio, Arnaud Arindra Adiyoso and Ciompi, Francesco and Ghafoorian, Mohsen and van der Laak, Jeroen A.W.M. and van Ginneken, Bram and S{\'{a}}nchez, Clara I.},
    booktitle = {Medical Image Analysis},
    doi = {10.1016/j.media.2017.07.005},
    file = {:Users/ajaamour/Documents Local/Mendeley/Litjens et al/Medical Image Analysis/Litjens et al.{\_}2017{\_}A survey on deep learning in medical image analysis.pdf:pdf},
    issn = {13618423},
    keywords = {Convolutional neural networks,Deep learning,Medical imaging,Survey},
    mendeley-groups = {CS5099 Dissertation},
    month = {dec},
    pages = {60--88},
    pmid = {28778026},
    publisher = {Elsevier B.V.},
    title = {{A survey on deep learning in medical image analysis}},
    volume = {42},
    year = {2017}
}

@article{Yala2019,
    author = {Yala, Adam and Lehman, Constance and Schuster, Tal and Portnoi, Tally and Barzilay, Regina},
    doi = {10.1148/radiol.2019182716},
    file = {:Users/ajaamour/Documents Local/Mendeley/Yala et al/Radiology/Yala et al.{\_}2019{\_}A Deep Learning Mammography-based Model for Improved Breast Cancer Risk Prediction.pdf:pdf},
    issn = {0033-8419},
    journal = {Radiology},
    mendeley-groups = {CS5099 Dissertation},
    month = {jul},
    number = {1},
    pages = {60--66},
    publisher = {Radiological Society of North America Inc.},
    title = {{A Deep Learning Mammography-based Model for Improved Breast Cancer Risk Prediction}},
    url = {\url{http://pubs.rsna.org/doi/10.1148/radiol.2019182716}},
    volume = {292},
    year = {2019}
}

@book{Geron2019,
    archivePrefix = {arXiv},
    arxivId = {arXiv:1011.1669v3},
    author = {G{\'{e}}ron, Aurelien},
    doi = {10.1017/CBO9781107415324.004},
    edition = {2nd},
    eprint = {arXiv:1011.1669v3},
    file = {:Users/ajaamour/Documents Local/Mendeley/G{\'{e}}ron/Unknown/G{\'{e}}ron{\_}2019{\_}Hands-On Machine Learning with Scikit-Learn, Keras {\&} TensorFlow.pdf:pdf},
    isbn = {9788578110796},
    issn = {1098-6596},
    mendeley-groups = {CS5014},
    pmid = {25246403},
    publisher = {O'Reilly Media},
    title = {{Hands-On Machine Learning with Scikit-Learn, Keras {\&} TensorFlow}},
    year = {2019}
}

@article{Yue2018,
    author = {Yue, Wenbin and Wang, Zidong and Chen, Hongwei and Payne, Annette and Liu, Xiaohui},
    doi = {10.3390/designs2020013},
    file = {:Users/ajaamour/Documents Local/Mendeley/Yue et al/Designs/Yue et al.{\_}2018{\_}Machine Learning with Applications in Breast Cancer Diagnosis and Prognosis(2).pdf:pdf},
    issn = {2411-9660},
    journal = {Designs},
    keywords = {Wisconsin breast cancer database,artificial neural networks,breast cancer,decision tree,healthcare system,k,machine learning,nearest neighbor,support vector machine},
    mendeley-groups = {CS5098 Dissertation},
    month = {may},
    number = {2},
    pages = {13},
    publisher = {MDPI AG},
    title = {{Machine Learning with Applications in Breast Cancer Diagnosis and Prognosis}},
    url = {\url{http://www.mdpi.com/2411-9660/2/2/13}},
    volume = {2},
    year = {2018}
}

@inproceedings{Asri2016,
    author = {Asri, Hiba and Mousannif, Hajar and {Al Moatassime}, Hassan and Noel, Thomas},
    booktitle = {Procedia Computer Science},
    doi = {10.1016/j.procs.2016.04.224},
    file = {:Users/ajaamour/Documents Local/Mendeley/Asri et al/Procedia Computer Science/Asri et al.{\_}2016{\_}Using Machine Learning Algorithms for Breast Cancer Risk Prediction and Diagnosis.pdf:pdf},
    issn = {18770509},
    keywords = {Breast cancer,C4.5,Classification,Effectiveness,Efficiency,NB,SVM,k-NN},
    mendeley-groups = {CS5098 Dissertation},
    month = {jan},
    pages = {1064--1069},
    publisher = {Elsevier},
    title = {{Using Machine Learning Algorithms for Breast Cancer Risk Prediction and Diagnosis}},
    volume = {83},
    year = {2016}
}

@misc{Paliwal2009,
    author = {Paliwal, Mukta and Kumar, Usha A.},
    booktitle = {Expert Systems with Applications},
    doi = {10.1016/j.eswa.2007.10.005},
    file = {:Users/ajaamour/Documents Local/Mendeley/Paliwal, Kumar/Expert Systems with Applications/Paliwal, Kumar{\_}2009{\_}Neural networks and statistical techniques A review of applications.pdf:pdf},
    issn = {09574174},
    keywords = {Discriminant analysis,Logistic regression,Neural network,Regression analysis},
    mendeley-groups = {CS5098 Dissertation},
    month = {jan},
    number = {1},
    pages = {2--17},
    publisher = {Pergamon},
    title = {{Neural networks and statistical techniques: A review of applications}},
    volume = {36},
    year = {2009}
}

@article{Shen2017,
    archivePrefix = {arXiv},
    arxivId = {1708.09427},
    author = {Shen, Li and Margolies, Laurie R. and Rothstein, Joseph H. and Fluder, Eugene and McBride, Russell B. and Sieh, Weiva},
    doi = {10.1038/s41598-019-48995-4},
    eprint = {1708.09427},
    file = {:Users/ajaamour/Documents Local/Mendeley/Shen et al/Scientific Reports/Shen et al.{\_}2017{\_}Deep Learning to Improve Breast Cancer Early Detection on Screening Mammography(2).pdf:pdf},
    journal = {Scientific Reports},
    mendeley-groups = {CS5098 Dissertation},
    month = {aug},
    number = {1},
    publisher = {Nature Publishing Group},
    title = {{Deep Learning to Improve Breast Cancer Early Detection on Screening Mammography}},
    url = {\url{http://arxiv.org/abs/1708.09427 http://dx.doi.org/10.1038/s41598-019-48995-4}},
    volume = {9},
    year = {2017}
}

@article{Montazeri2016,
    author = {Montazeri, Mahdieh and Montazeri, Mitra and Montazeri, Mohadeseh and Beigzadeh, Amin},
    doi = {10.3233/THC-151071},
    issn = {09287329},
    journal = {Technology and Health Care},
    keywords = {Breast cancer survival prediction,classification,machine learning models},
    mendeley-groups = {CS5098 Dissertation},
    month = {jan},
    number = {1},
    pages = {31--42},
    publisher = {IOS Press},
    title = {{Machine learning models in breast cancer survival prediction}},
    volume = {24},
    year = {2016}
}

@inproceedings{DDSMdataset2001,
    author = {Heath, Michael and Bowyer, Kevin and Kopans, Daniel and Moore, Richard and Kegelmeyer, W. Philip},
    booktitle = {Fifth International Workshop on Digital Mammography},
    pages = {212--218},
    publisher = {Medical Physics Publishing},
    title = {{The Digital Database for Screening Mammography}},
    year = {2001}
}

@misc{Wolberg1995,
    author = {Wolberg, William H. and Street, W. Nick and Mangasarian, Olvi L.},
    title = {{UCI Machine Learning Repository: Breast Cancer Wisconsin (Diagnostic) Data Set}},
    howpublished = {\url{https://archive.ics.uci.edu/ml/datasets/Breast+Cancer+Wisconsin+{\%}28Diagnostic{\%}29}},
    note={{[Online] Accessed: 2020-06-16}},
    year = {1995}
}

@article{peterson2009k,
  title={K-nearest neighbor},
  author={Peterson, Leif E},
  journal={Scholarpedia},
  volume={4},
  number={2},
  pages={1883},
  year={2009}
}

@inproceedings{rish2001empirical,
  title={An empirical study of the naive Bayes classifier},
  author={Rish, Irina and others},
  booktitle={IJCAI 2001 workshop on empirical methods in artificial intelligence},
  volume={3},
  number={22},
  pages={41--46},
  year={2001}
}

@book{russell2002artificial,
  title={Artificial intelligence: a modern approach},
  author={Russell, Stuart and Norvig, Peter},
  year={2002},
  publisher = {Pearson}
}

@book{quinlan2014c4,
  title={C4. 5: programs for machine learning},
  author={Quinlan, J Ross},
  year={2014},
  publisher={Elsevier}
}

@article{amari1999improving,
  title={Improving support vector machine classifiers by modifying kernel functions},
  author={Amari, Shun-ichi and Wu, Si},
  journal={Neural Networks},
  volume={12},
  number={6},
  pages={783--789},
  year={1999},
  publisher={Elsevier}
}

@article{mcculloch1943logical,
  title={A logical calculus of the ideas immanent in nervous activity},
  author={McCulloch, Warren S and Pitts, Walter},
  journal={The bulletin of mathematical biophysics},
  volume={5},
  number={4},
  pages={115--133},
  year={1943},
  publisher={Springer}
}

@article{Lee2017,
    author = {Lee, Rebecca Sawyer and Gimenez, Francisco and Hoogi, Assaf and Miyake, Kanae Kawai and Gorovoy, Mia and Rubin, Daniel L.},
    doi = {10.1038/sdata.2017.177},
    file = {:Users/ajaamour/Documents Local/Mendeley/Lee et al/Scientific Data/Lee et al.{\_}2017{\_}A curated mammography data set for use in computer-aided detection and diagnosis research.pdf:pdf},
    issn = {20524463},
    journal = {Scientific Data},
    mendeley-groups = {CS5099 Dissertation},
    month = {dec},
    publisher = {Nature Publishing Groups},
    title = {{A curated mammography data set for use in computer-aided detection and diagnosis research}},
    volume = {4},
    year = {2017}
}

@article{Suckling1994,
    title	= {The Mammographic Image Analysis Society Digital Mammogram Database Exerpta Medica},
    author	= {J Suckling},
    year	= {1994},
    URL	= {\url{http://peipa.essex.ac.uk/info/mias.html}},
    journal	= {International Congress Series},
    pages = {375--378},
    volume = {1069},
}

@article{Punitha2018,
    author = {Punitha, S. and Amuthan, A. and Joseph, K. Suresh},
    doi = {10.1016/j.fcij.2018.10.005},
    file = {:Users/ajaamour/Documents Local/Mendeley/Punitha, Amuthan, Joseph/Future Computing and Informatics Journal/Punitha, Amuthan, Joseph{\_}2018{\_}Benign and malignant breast cancer segmentation using optimized region growing technique.pdf:pdf},
    issn = {23147288},
    journal = {Future Computing and Informatics Journal},
    mendeley-groups = {CS5098 Dissertation},
    month = {dec},
    number = {2},
    pages = {348--358},
    publisher = {Elsevier BV},
    title = {{Benign and malignant breast cancer segmentation using optimized region growing technique}},
    volume = {3},
    year = {2018}
}

@misc{breastcancerorg2018, 
    title={What Mammograms Show: Calcifications, Cysts, Fibroadenomas}, 
    howpublished={\url{https://www.breastcancer.org/symptoms/testing/types/mammograms/mamm_show}}, 
    note={[Online] Accessed: 2020-06-21},
    year = {{2018}}
}

@misc{americanCancerSociety2019,
    author = {{American Cancer Society}},
    title = {{American Cancer Society screening recommendations for women at average breast cancer risk}},
    howpublished = {{\url{https://www.cancer.org/cancer/breast-cancer/screening-tests-and-early-detection/american-cancer-society-recommendations-for-the-early-detection-of-breast-cancer.html}}},
    note={{[Online] Accessed: 2020-06-22}},
    year = {{2019}}
}

@misc{martin2019,
    author = {{Martin, Laura J.}},
    title = {{WebMD: Breast Biopsy for Breast Cancer Diagnosis}},
    howpublished = {{\url{https://www.webmd.com/breast-cancer/breast-biopsy}}},
    note={{[Online] Accessed: 2020-06-22}},
    year = {{2019}}
}

@article{Ramos-Pollan2012,
    author = {Ramos-Poll{\'{a}}n, Ra{\'{u}}l and Guevara-L{\'{o}}pez, Miguel Angel and Su{\'{a}}rez-Ortega, Cesar and D{\'{i}}az-Herrero, Guillermo and Franco-Valiente, Jose Miguel and Rubio-Del-Solar, Manuel and Gonz{\'{a}}lez-De-Posada, Naimy and Vaz, Mario Augusto Pires and Loureiro, Joana and Ramos, Isabel},
    doi = {10.1007/s10916-011-9693-2},
    file = {:Users/ajaamour/Documents Local/Mendeley/Ramos-Poll{\'{a}}n et al/Journal of Medical Systems/Ramos-Poll{\'{a}}n et al.{\_}2012{\_}Discovering mammography-based machine learning classifiers for breast cancer diagnosis.pdf:pdf},
    issn = {01485598},
    journal = {Journal of Medical Systems},
    keywords = {Breast cancer CAD,Machine learning classifiers,Mammography classifiers},
    mendeley-groups = {CS5098 Dissertation},
    month = {aug},
    number = {4},
    pages = {2259--2269},
    publisher = {Springer},
    title = {{Discovering mammography-based machine learning classifiers for breast cancer diagnosis}},
    volume = {36},
    year = {2012}
}

@misc{sklearn-MLP-2019,
    title = {Scikit-Learn Documentation: Neural network models (supervised)},
    howpublished = {\url{https://scikit-learn.org/stable/modules/neural_networks_supervised.html}},
    note={{[Online] Accessed: 2020-06-22}},
    year = {2019}
}

@article{Wu1993,
    author = {Wu, Yuzheng and Giger, Maryellen L. and Doi, Kunio and Vyborny, Carl J. and Schmidt, Robert A. and Metz, Charles E.},
    doi = {10.1148/radiology.187.1.8451441},
    issn = {00338419},
    journal = {Radiology},
    keywords = {Breast neoplasms, diagnosis, 00.31, 00.32,Camputers, neural network,Computers, diagnostic aid,Receiver operating characteristic curve (ROC)},
    month = {apr},
    number = {1},
    pages = {81--87},
    publisher = {Radiological Society of North America Inc.},
    title = {{Artificial neural networks in mammography: Application to decision making in the diagnosis of breast cancer}},
    url = {\url{https://pubs.rsna.org/doi/abs/10.1148/radiology.187.1.8451441}},
    volume = {187},
    year = {1993}
}

@article{Bhardwaj2015,
    author = {Bhardwaj, Arpit and Tiwari, Aruna},
    doi = {10.1016/j.eswa.2015.01.065},
    issn = {09574174},
    journal = {Expert Systems with Applications},
    keywords = {Artificial Neural Network,Genetic Programming,Genetically Optimized Neural Network,Modified Crossover Operator},
    month = {jun},
    number = {10},
    pages = {4611--4620},
    publisher = {Elsevier Ltd},
    title = {{Breast cancer diagnosis using Genetically Optimized Neural Network model}},
    volume = {42},
    year = {2015}
}

@article{LeCun1998,
    author = {LeCun, Yann and Bottou, L{\'{e}}on and Bengio, Yoshua and Haffner, Patrick},
    doi = {10.1109/5.726791},
    issn = {00189219},
    journal = {Proceedings of the IEEE},
    keywords = {Convolutional neural networks,Document recognition,Finite state transducers,Gradient-based learning,Graph transformer networks,Machine learning,Neural networks,Optical character recognition (OCR)},
    number = {11},
    pages = {2278--2323},
    title = {{Gradient-based learning applied to document recognition}},
    volume = {86},
    year = {1998}
}

@book{szeliski2010computer,
  title={Computer vision: algorithms and applications},
  author={Szeliski, Richard},
  year={2010},
  publisher={Springer Science \& Business Media}
}

@inproceedings{Diaz2018,
    author = {Diaz, Oliver and Marti, Robert and Llado, Xavier and Agarwal, Richa},
    booktitle = {14th International Workshop on Breast Imaging (IWBI 2018)},
    doi = {10.1117/12.2317681},
    editor = {Krupinski, Elizabeth A.},
    isbn = {9781510620070},
    keywords = {Mammogram,breast cancer,deep learning,mass detection,resnet-50,transfer learning},
    month = {jul},
    number = {6},
    pages = {12},
    publisher = {SPIE},
    title = {{Mass detection in mammograms using pre-trained deep learning models}},
    url = {\url{https://www.spiedigitallibrary.org/conference-proceedings-of-spie/10718/2317681/Mass-detection-in-mammograms-using-pre-trained-deep-learning-models/10.1117/12.2317681.full}},
    volume = {10718},
    year = {2018}
}

@inproceedings{Chen2019,
    author = {Chen, Yuanqin and Zhang, Qian and Wu, Yaping and Liu, Bo and Wang, Meiyun and Lin, Yusong},
    booktitle = {Lecture Notes in Electrical Engineering},
    doi = {10.1007/978-981-13-6837-0_7},
    isbn = {9789811368363},
    issn = {18761119},
    keywords = {Data augmentation,Deep leaning,Deep residual network,Mammography classification,Transfer learning},
    month = {sep},
    pages = {83--96},
    publisher = {Springer Verlag},
    title = {{Fine-tuning ResNet for breast cancer classification from mammography}},
    url = {\url{https://doi.org/10.1007/978-981-13-6837-0{\_}7}},
    volume = {536},
    year = {2019}
}

@misc{Caulfield2009,
    author = {Caulfield, Brian},
    title = {{What's the Difference Between a CPU vs a GPU, NVIDIA Blog}},
    howpublished = {\url{https://blogs.nvidia.com/blog/2009/12/16/whats-the-difference-between-a-cpu-and-a-gpu/}},
    note={{[Online] Accessed: 2020-07-29}},
    year = {2009}
}

@misc{tensorflow2015-whitepaper,
title={ {TensorFlow}: Large-Scale Machine Learning on Heterogeneous Systems},
url={\url{https://www.tensorflow.org/}},
note={Software available from tensorflow.org},
author={
    Mart\'{\i}n~Abadi and
    Ashish~Agarwal and
    Paul~Barham and
    Eugene~Brevdo and
    Zhifeng~Chen and
    Craig~Citro and
    Greg~S.~Corrado and
    Andy~Davis and
    Jeffrey~Dean and
    Matthieu~Devin and
    Sanjay~Ghemawat and
    Ian~Goodfellow and
    Andrew~Harp and
    Geoffrey~Irving and
    Michael~Isard and
    Yangqing Jia and
    Rafal~Jozefowicz and
    Lukasz~Kaiser and
    Manjunath~Kudlur and
    Josh~Levenberg and
    Dandelion~Man\'{e} and
    Rajat~Monga and
    Sherry~Moore and
    Derek~Murray and
    Chris~Olah and
    Mike~Schuster and
    Jonathon~Shlens and
    Benoit~Steiner and
    Ilya~Sutskever and
    Kunal~Talwar and
    Paul~Tucker and
    Vincent~Vanhoucke and
    Vijay~Vasudevan and
    Fernanda~Vi\'{e}gas and
    Oriol~Vinyals and
    Pete~Warden and
    Martin~Wattenberg and
    Martin~Wicke and
    Yuan~Yu and
    Xiaoqiang~Zheng},
  year={2015},
}

@incollection{pytorch,
    title = {PyTorch: An Imperative Style, High-Performance Deep Learning Library},
    author = {Paszke, Adam and Gross, Sam and Massa, Francisco and Lerer, Adam and Bradbury, James and Chanan, Gregory and Killeen, Trevor and Lin, Zeming and Gimelshein, Natalia and Antiga, Luca and Desmaison, Alban and Kopf, Andreas and Yang, Edward and DeVito, Zachary and Raison, Martin and Tejani, Alykhan and Chilamkurthy, Sasank and Steiner, Benoit and Fang, Lu and Bai, Junjie and Chintala, Soumith},
    booktitle = {Advances in Neural Information Processing Systems 32},
    editor = {H. Wallach and H. Larochelle and A. Beygelzimer and F. d\textquotesingle Alch\'{e}-Buc and E. Fox and R. Garnett},
    pages = {8024--8035},
    year = {2019},
    publisher = {Curran Associates, Inc.},
    url = {\url{http://papers.neurips.cc/paper/9015-pytorch-an-imperative-style-high-performance-deep-learning-library.pdf}}
}

@misc{chollet2015keras,
  title={Keras},
  author={Chollet, Fran\c{c}ois and others},
  year={2015},
  publisher={GitHub},
  howpublished={\url{https://github.com/fchollet/keras}},
}

@article{Falconi2019,
    author = {Falconi, Lenin G. and Perez, Maria and Aguilar, Wilbert G.},
    doi = {10.1109/IWSSIP.2019.8787295},
    file = {:/cfs/users/agj6/Documents/Downloads/08787295.pdf:pdf},
    isbn = {9781728132273},
    issn = {21578702},
    journal = {International Conference on Systems, Signals, and Image Processing},
    keywords = {deep learning,digital mammogram,image pre-processing,machine learning,transfer learning},
    pages = {109--114},
    title = {{Transfer Learning in Breast Mammogram Abnormalities Classification with Mobilenet and Nasnet}},
    volume = {2019-June},
    year = {2019}
}

@techreport{Krizhevsky2012,
    author = {Krizhevsky, Alex and Sutskever, Ilya and Hinton, Geoffrey E},
    pages = {1097--1105},
    title = {{ImageNet Classification with Deep Convolutional Neural Networks}},
    url = {\url{http://code.google.com/p/cuda-convnet/}},
    year = {2012},
    institution = {Google}
}

@inproceedings{Deng2010,
    author = {Deng, Jia and Dong, Wei and Socher, Richard and Li, Li-Jia and {Kai Li} and {Li Fei-Fei}},
    booktitle = {Institute of Electrical and Electronics Engineers (IEEE)},
    doi = {10.1109/cvpr.2009.5206848},
    month = {mar},
    pages = {248--255},
    title = {{ImageNet: A large-scale hierarchical image database}},
    year = {2010}
}

@misc{Hanlon2016,
    author = {Hanlon, Jamie},
    booktitle = {Graphcore},
    title = {{Why is so much memory needed for deep neural networks?}},
    howpublished = {\url{https://www.graphcore.ai/posts/why-is-so-much-memory-needed-for-deep-neural-networks}},
    note={[Online] Accessed: 2020-07-30},
    year = {2016}
}

@inproceedings{Sarosa2018,
    author = {Sarosa, Syam Julio A. and Utaminingrum, Fitri and Bachtiar, Fitra A.},
    booktitle = {3rd International Conference on Sustainable Information Engineering and Technology, SIET 2018 - Proceedings},
    doi = {10.1109/SIET.2018.8693146},
    file = {:Users/ajaamour/Documents Local/Mendeley/Sarosa, Utaminingrum, Bachtiar/3rd International Conference on Sustainable Information Engineering and Technology, SIET 2018 - Proceedings/Sarosa, Utaminingrum, Bachtiar{\_}2018{\_}Mammogram Breast Cancer Classification Using Gray-Level Co-Occurrence Matrix and Support Vector Mach.pdf:pdf},
    isbn = {9781538674079},
    keywords = {Breast Cancer,GLCM,Mammogram,SVM},
    month = {jul},
    pages = {54--59},
    publisher = {Institute of Electrical and Electronics Engineers Inc.},
    title = {{Mammogram Breast Cancer Classification Using Gray-Level Co-Occurrence Matrix and Support Vector Machine}},
    year = {2018}
}

@inproceedings{Vishrutha2014,
    annote = {SVM},
    author = {Vishrutha, V. and Ravishankar, M.},
    booktitle = {Advances in Intelligent Systems and Computing},
    doi = {10.1007/978-3-319-11933-5_45},
    isbn = {9783319119328},
    issn = {21945357},
    keywords = {Breast cancer,Circumscribed mass,Early detection,Microclacification,Texture analysis,Wavelet feature extraction},
    pages = {413--419},
    publisher = {Springer Verlag},
    title = {{Early detection and classification of breast cancer}},
    url = {\url{https://link.springer.com/chapter/10.1007/978-3-319-11933-5{\_}45}},
    volume = {327},
    year = {2014}
}

@article{Sarkar2000,
    author = {Sarkar, M. and Leong, T. Y.},
    issn = {1531605X},
    journal = {Proceedings / AMIA ... Annual Symposium. AMIA Symposium},
    pages = {759--763},
    pmid = {11079986},
    title = {{Application of K-nearest neighbors algorithm on breast cancer diagnosis problem.}},
    year = {2000}
}

@article{AhmedMedjahed2013,
    author = {Medjahed, Seyyid Ahmed and {Ait Saadi}, Tamazouzt and Benyettou, Abdelkader},
    doi = {10.5120/10041-4635},
    journal = {International Journal of Computer Applications},
    keywords = {breast cancer,classification,classification rule,diagnosis,distance,k-nearest neighbors},
    number = {1},
    pages = {1--5},
    title = {{Breast Cancer Diagnosis by using k-Nearest Neighbor with Different Distances and Classification Rules}},
    volume = {62},
    year = {2013}
}


@article{SaritasYasar2019, 
    title={Performance Analysis of ANN and Naive Bayes Classification Algorithm for Data Classification}, 
    volume={7}, 
    url={https://ijisae.org/IJISAE/article/view/934},
    DOI={10.18201//ijisae.2019252786}, 
    number={2}, 
    journal={International Journal of Intelligent Systems and Applications in Engineering}, author={Saritas, Mucahid and Yasar, Ali}, 
    year={2019},
    month={Jun.},
    pages={88-91}
}

@article{Kharya2014,
    author = {Kharya, Shweta and Agrawal, Shika and Soni, Sunita},
    doi = {10.5120/16045-5206},
    journal = {International Journal of Computer Applications},
    number = {10},
    pages = {26--31},
    title = {{Naive Bayes Classifiers: A Probabilistic Detection Model for Breast Cancer}},
    volume = {92},
    year = {2014}
}

@article{Sumbaly2014,
    author = {Sumbaly, Ronak and Vishnusri, N. and Jeyalatha, S.},
    doi = {10.5120/17219-7456},
    journal = {International Journal of Computer Applications},
    keywords = {benign,brca,breast cancer,carcinoma,data mining,decision tree,j48,malignant,survivability rate,tumor},
    number = {10},
    pages = {16--24},
    title = {{Diagnosis of Breast Cancer using Decision Tree Data Mining Technique}},
    volume = {98},
    year = {2014}
}

@article{Kumar2017,
    author = {Kumar, U. Karthik and Nikhil, M. B.Sai and Sumangali, K.},
    doi = {10.1109/ICSTM.2017.8089135},
    isbn = {9781509059058},
    journal = {2017 IEEE International Conference on Smart Technologies and Management for Computing, Communication, Controls, Energy and Materials, ICSTM 2017 - Proceedings},
    keywords = {J48,Na{\"{i}}ve Bayes,Support vector machine,Voting classifier},
    number = {August},
    pages = {108--114},
    title = {{Prediction of breast cancer using voting classifier technique}},
    year = {2017}
}

@article{Bennett1998,
    author = {Bennett, K. P. and Blue, J. A.},
    doi = {10.1109/ijcnn.1998.687237},
    journal = {IEEE International Conference on Neural Networks - Conference Proceedings},
    pages = {2396--2401},
    title = {{Support vector machine approach to decision trees}},
    volume = {3},
    year = {1998}
}

@article{Akay2009,
    annote = {99.},
    author = {Akay, Mehmet Fatih},
    doi = {10.1016/j.eswa.2008.01.009},
    issn = {09574174},
    journal = {Expert Systems with Applications},
    keywords = {Breast cancer diagnosis,Feature selection,Support vector machines},
    number = {2 PART 2},
    pages = {3240--3247},
    publisher = {Elsevier Ltd},
    title = {{Support vector machines combined with feature selection for breast cancer diagnosis}},
    url = {\url{http://dx.doi.org/10.1016/j.eswa.2008.01.009}},
    volume = {36},
    year = {2009}
}

@article{Karabatak2009,
    author = {Karabatak, Murat and Ince, M. Cevdet},
    doi = {10.1016/j.eswa.2008.02.064},
    issn = {09574174},
    journal = {Expert Systems with Applications},
    keywords = {Association rules,Automatic detection,Breast cancer,Neural network},
    month = {mar},
    number = {2 PART 2},
    pages = {3465--3469},
    publisher = {Elsevier Ltd},
    title = {{An expert system for detection of breast cancer based on association rules and neural network}},
    volume = {36},
    year = {2009}
}

@techreport{Srivastava2014,
    author = {Srivastava, Nitish and Hinton, Geoffrey and Krizhevsky, Alex and Salakhutdinov, Ruslan},
    booktitle = {Journal of Machine Learning Research},
    doi = {10.5555/2627435.2670313},
    keywords = {deep learning,model combination,neural networks,regularization},
    pages = {1929--1958},
    title = {{Dropout: A Simple Way to Prevent Neural Networks from Overfitting}},
    volume = {15},
    year = {2014}
}

@article{Bergstra2013,
    author = {Bergstra, James and Yamins, Dan and Cox, David},
    doi = {10.25080/majora-8b375195-003},
    journal = {Proceedings of the 12th Python in Science Conference},
    number = {Scipy},
    pages = {13--19},
    title = {{Hyperopt: A Python Library for Optimizing the Hyperparameters of Machine Learning Algorithms}},
    year = {2013}
}

@article{Zhu2018,
    author = {Zhu, Min and Xia, Jing and Jin, Xiaoqing and Yan, Molei and Cai, Guolong and Yan, Jing and Ning, Gangmin},
    doi = {10.1109/ACCESS.2018.2789428},
    issn = {21693536},
    journal = {IEEE Access},
    keywords = {Class imbalanced,Class weights voting,Random forest,Weighted voting},
    pages = {4641--4652},
    publisher = {IEEE},
    title = {{Class weights random forest algorithm for processing class imbalanced medical data}},
    volume = {6},
    year = {2018}
}

@article{Liu2009,
    author = {Liu, Xu Ying and Wu, Jianxin and Zhou, Zhi Hua},
    doi = {10.1109/TSMCB.2008.2007853},
    issn = {10834419},
    journal = {IEEE Transactions on Systems, Man, and Cybernetics, Part B: Cybernetics},
    keywords = {Class-imbalance learning,Data mining,Ensemble learning,Machine learning,Undersampling},
    number = {2},
    pages = {539--550},
    publisher = {IEEE},
    title = {{Exploratory undersampling for class-imbalance learning}},
    volume = {39},
    year = {2009}
}

@article{Wang2016,
    archivePrefix = {arXiv},
    arxivId = {1606.05718},
    author = {Wang, Dayong and Khosla, Aditya and Gargeya, Rishab and Irshad, Humayun and Beck, Andrew H.},
    eprint = {1606.05718},
    month = {jun},
    title = {{Deep Learning for Identifying Metastatic Breast Cancer}},
    url = {\url{http://arxiv.org/abs/1606.05718}},
    year = {2016}
}

@article{Li2008,
author = {Li, Jing and Allinson, Nigel M.},
doi = {10.1016/j.neucom.2007.11.032},
issn = {09252312},
journal = {Neurocomputing},
keywords = {Corner detectors,Derivative-based descriptors,Distribution-based descriptors,Feature descriptors,Feature detectors,Filter-based descriptors,Local features,Region detectors,Textons},
month = {jun},
number = {10-12},
pages = {1771--1787},
publisher = {Elsevier},
title = {{A comprehensive review of current local features for computer vision}},
volume = {71},
year = {2008}
}

@inproceedings{Caruana2006,
    address = {New York, New York, USA},
    author = {Caruana, Rich and Niculescu-Mizil, Alexandru},
    booktitle = {ACM International Conference Proceeding Series},
    doi = {10.1145/1143844.1143865},
    isbn = {1595933832},
    pages = {161--168},
    publisher = {ACM Press},
    title = {{An empirical comparison of supervised learning algorithms}},
    url = {\url{http://portal.acm.org/citation.cfm?doid=1143844.1143865}},
    volume = {148},
    year = {2006}
}

@article{dietterich1995overfitting,
  title={Overfitting and undercomputing in machine learning},
  author={Dietterich, Tom},
  journal={ACM computing surveys (CSUR)},
  volume={27},
  number={3},
  pages={326--327},
  year={1995},
  publisher={ACM New York, NY, USA}
}

@article{simonyan2014very,
  title={Very deep convolutional networks for large-scale image recognition},
  author={Simonyan, Karen and Zisserman, Andrew},
  journal={arXiv preprint arXiv:1409.1556},
  year={2014}
}


%%%%%%%%%%%%%%%%%%%%%%%%%%%%%%%%%%%%%%%%%%%%%%%%%%%%%%%%%%%%%%%%%%%%%%%%%%%%%%%%%%
% Ethics \& Datasets
%%%%%%%%%%%%%%%%%%%%%%%%%%%%%%%%%%%%%%%%%%%%%%%%%%%%%%%%%%%%%%%%%%%%%%%%%%%%%%%%%%

@article{Clark2013,
    author = {Clark, Kenneth and Vendt, Bruce and Smith, Kirk and Freymann, John and Kirby, Justin and Koppel, Paul and Moore, Stephen and Phillips, Stanley and Maffitt, David and Pringle, Michael and Tarbox, Lawrence and Prior, Fred},
    doi = {10.1007/s10278-013-9622-7},
    file = {:Users/ajaamour/Documents Local/Mendeley/Clark et al/Journal of Digital Imaging/Clark et al.{\_}2013{\_}The cancer imaging archive (TCIA) Maintaining and operating a public information repository.pdf:pdf},
    issn = {08971889},
    journal = {Journal of Digital Imaging},
    keywords = {Biomedical image analysis,Cancer detection,Cancer imaging,Image archive,NBIA,TCIA},
    mendeley-groups = {CS5099 Dissertation},
    month = {dec},
    number = {6},
    pages = {1045--1057},
    pmid = {23884657},
    publisher = {J Digit Imaging},
    title = {{The cancer imaging archive (TCIA): Maintaining and operating a public information repository}},
    volume = {26},
    year = {2013}
}


%%%%%%%%%%%%%%%%%%%%%%%%%%%%%%%%%%%%%%%%%%%%%%%%%%%%%%%%%%%%%%%%%%%%%%%%%%%%%%%%%%%%%%%%%%%
% DESIGN
%%%%%%%%%%%%%%%%%%%%%%%%%%%%%%%%%%%%%%%%%%%%%%%%%%%%%%%%%%%%%%%%%%%%%%%%%%%%%%%%%%%%%%%%%%%

@misc{tiobe, 
    author={TIOBE},
    title={TIOBE Programming Community Index Definition}, 
    howpublished={\url{https://www.tiobe.com/tiobe-index/programming-languages-definition/}},
    note={[Online] Accessed: 2020-07-18},
    year={2020}
}

@book{raschka2017python,
  title={Python machine learning},
  author={Raschka, Sebastian and Mirjalili, Vahid},
  year={2017},
  publisher={Packt Publishing Ltd}
}

@misc{seaborn,
    author = {Michael, Waskom},
    title = {{seaborn: statistical data visualization}},
    howpublished = {\url{https://seaborn.pydata.org/}},
    note={{[Online] Accessed: 2020-08-09}},
    year = {2020}
}

@article{scikit-learn,
     title={Scikit-learn: Machine Learning in {P}ython},
     author={Pedregosa, F. and Varoquaux, G. and Gramfort, A. and Michel, V.
             and Thirion, B. and Grisel, O. and Blondel, M. and Prettenhofer, P.
             and Weiss, R. and Dubourg, V. and Vanderplas, J. and Passos, A. and
             Cournapeau, D. and Brucher, M. and Perrot, M. and Duchesnay, E.},
     journal={Journal of Machine Learning Research},
     volume={12},
     pages={2825--2830},
     year={2011}
}

@software{reback2020pandas,
    author       = {The pandas development team},
    title        = {pandas-dev/pandas: Pandas},
    month        = feb,
    year         = 2020,
    publisher    = {Zenodo},
    version      = {latest},
    doi          = {10.5281/zenodo.3509134},
    url          = {\url{https://doi.org/10.5281/zenodo.3509134}}
}

@Article{Hunter:2007,
  Author    = {Hunter, J. D.},
  Title     = {Matplotlib: A 2D graphics environment},
  Journal   = {Computing in Science \& Engineering},
  Volume    = {9},
  Number    = {3},
  Pages     = {90--95},
  abstract  = {Matplotlib is a 2D graphics package used for Python for
  application development, interactive scripting, and publication-quality
  image generation across user interfaces and operating systems.},
  publisher = {IEEE COMPUTER SOC},
  doi       = {10.1109/MCSE.2007.55},
  year      = 2007
}

@misc{numpy,
    author = {Travis Oliphant and NumPy developers},
    title = {{NumPy}},
    howpublished = {\url{https://numpy.org/}},
    note={{[Online] Accessed: 2020-08-09}},
    year = {2020}
}

@misc{kerasApplications,
    author = {{Keras}},
    title = {{Keras Applications}},
    howpublished = {{\url{https://keras.io/api/applications/}}},
    note={{[Online] Accessed: 2020-08-09}},
    year = {{2020}}
}

%%%%%%%%%%%%%%%%%%%%%%%%%%%%%%%%%%%%%%%%%%%%%%%%%%%%%%%%%%%%%%%%%%%%%%%%%%%%%%%%%%%%%%%%%%%
% CONCLUSION
%%%%%%%%%%%%%%%%%%%%%%%%%%%%%%%%%%%%%%%%%%%%%%%%%%%%%%%%%%%%%%%%%%%%%%%%%%%%%%%%%%%%%%%%%%%

@article{Fraser2020,
    author = {Fraser, Gary E and Jaceldo-Siegl, Karen and Orlich, Michael and Mashchak, Andrew and Sirirat, Rawiwan and Knutsen, Synnove},
    doi = {10.1093/ije/dyaa007},
    issn = {0300-5771},
    journal = {International Journal of Epidemiology},
    keywords = {breast cancer,breast cancer risk,calibration,calories,cancer,cheese,diet,estrogen receptors,follow-up,food,guidelines,invasive breast cancer,isoflavones,measurement error,meat,milk,postmenopause,receptors, progesterone,soy milk,survival analysis,tofu,yogurt},
    month = {feb},
    publisher = {Oxford University Press (OUP)},
    title = {{Dairy, soy, and risk of breast cancer: those confounded milks}},
    url = {\url{https://academic.oup.com/ije/advance-article/doi/10.1093/ije/dyaa007/5743492}},
    year = {2020}
}
