@article{Lee2017,
    author = {Lee, Rebecca Sawyer and Gimenez, Francisco and Hoogi, Assaf and Miyake, Kanae Kawai and Gorovoy, Mia and Rubin, Daniel L.},
    doi = {10.1038/sdata.2017.177},
    file = {:Users/ajaamour/Documents Local/Mendeley/Lee et al/Scientific Data/Lee et al.{\_}2017{\_}A curated mammography data set for use in computer-aided detection and diagnosis research.pdf:pdf},
    issn = {20524463},
    journal = {Scientific Data},
    mendeley-groups = {CS5099 Dissertation},
    month = {dec},
    publisher = {Nature Publishing Groups},
    title = {{A curated mammography data set for use in computer-aided detection and diagnosis research}},
    volume = {4},
    year = {2017}
}

@article{Clark2013,
    author = {Clark, Kenneth and Vendt, Bruce and Smith, Kirk and Freymann, John and Kirby, Justin and Koppel, Paul and Moore, Stephen and Phillips, Stanley and Maffitt, David and Pringle, Michael and Tarbox, Lawrence and Prior, Fred},
    doi = {10.1007/s10278-013-9622-7},
    file = {:Users/ajaamour/Documents Local/Mendeley/Clark et al/Journal of Digital Imaging/Clark et al.{\_}2013{\_}The cancer imaging archive (TCIA) Maintaining and operating a public information repository.pdf:pdf},
    issn = {08971889},
    journal = {Journal of Digital Imaging},
    keywords = {Biomedical image analysis,Cancer detection,Cancer imaging,Image archive,NBIA,TCIA},
    mendeley-groups = {CS5099 Dissertation},
    month = {dec},
    number = {6},
    pages = {1045--1057},
    pmid = {23884657},
    publisher = {J Digit Imaging},
    title = {{The cancer imaging archive (TCIA): Maintaining and operating a public information repository}},
    volume = {26},
    year = {2013}
}

@misc{BreastCancerResearchUK,
    author = {{Cancer Research UK}},
    title = {{Breast cancer statistics}},
    howpublished = {{\url{https://www.cancerresearchuk.org/health-professional/cancer-statistics/statistics-by-cancer-type/breast-cancer}}},
    note={{[Online] Accessed: 2020-05-28}},
    year = {{2020}}
}

@article{cokkinides2005american,
  title={American cancer society: Cancer facts and figures},
  author={Cokkinides, V and Albano, J and Samuels, A and Ward, ME and Thum, JM},
  journal={Atlanta: American Cancer Society},
  year={2005}
}

@article{Liu2018,
    title	= {Artificial Intelligence Based Breast Cancer Nodal Metastasis Detection: Insights into the Black Box for Pathologists},
    author	= {Yun Liu and Timo Kohlberger and Mohammad Norouzi and George Dahl and Jenny Smith and Arash Mohtashamian and Niels Olson and Lily Peng and Jason Hipp and Martin Stumpe},
    year	= {2018},
    URL	= {\url{http://www.archivesofpathology.org/doi/abs/10.5858/arpa.2018-0147-OA}},
    note	= {ARCHIVES is the official journal of the College of American Pathologists.},
    journal	= {Archives of Pathology \& Laboratory Medicine}
}

@misc{pep8, 
    title={PEP 8: Style Guide for Python Code}, 
    howpublished={\url{https://www.python.org/dev/peps/pep-0008/}}, 
    note={[Online] Accessed: 2020-06-01}
}