@article{Jaamour2019,
    author = {Jaamour, Adam},
    journal = {University of Bath, School of Computer Science},
    number = {May},
    title = {{Content-Based Video Retrieval for Pattern Matching Video Clips}},
    url = {\url{https://github.com/Adamouization/Content-Based-Video-Retrieval-Dissertation/blob/master/Content{\_}Based{\_}Video{\_}Retrieval{\_}Dissertation.pdf}},
    year = {2019}
}
