@inproceedings{Osareh2010,
    author = {Osareh, Alireza and Shadgar, Bita},
    booktitle = {2010 5th International Symposium on Health Informatics and Bioinformatics, HIBIT 2010},
    doi = {10.1109/HIBIT.2010.5478895},
    file = {:Users/ajaamour/Documents Local/Mendeley/Osareh, Shadgar/2010 5th International Symposium on Health Informatics and Bioinformatics, HIBIT 2010/Osareh, Shadgar{\_}2010{\_}Machine learning techniques to diagnose breast cancer.pdf:pdf},
    isbn = {9781424459704},
    keywords = {Benign,Breast tumour,Classification,Feature selection and extraction,Malignant},
    mendeley-groups = {CS5099 Dissertation},
    pages = {114--120},
    title = {{Machine learning techniques to diagnose breast cancer}},
    year = {2010}
}

@article{Elter2009,
    author = {Elter, Matthias and Horsch, Alexander},
    doi = {10.1118/1.3121511},
    file = {:Users/ajaamour/Documents Local/Mendeley/Elter, Horsch/Medical Physics/Elter, Horsch{\_}2009{\_}CADx of mammographic masses and clustered microcalcifications A review.pdf:pdf},
    issn = {00942405},
    journal = {Medical Physics},
    keywords = {CADx,Computer-aided diagnosis,Mammography,Review},
    mendeley-groups = {CS5099 Dissertation},
    month = {jun},
    number = {6},
    pages = {2052--2068},
    publisher = {John Wiley and Sons Ltd},
    title = {{CADx of mammographic masses and clustered microcalcifications: A review}},
    volume = {36},
    year = {2009}
}
