@inproceedings{Osareh2010,
    author = {Osareh, Alireza and Shadgar, Bita},
    booktitle = {2010 5th International Symposium on Health Informatics and Bioinformatics, HIBIT 2010},
    doi = {10.1109/HIBIT.2010.5478895},
    file = {:Users/ajaamour/Documents Local/Mendeley/Osareh, Shadgar/2010 5th International Symposium on Health Informatics and Bioinformatics, HIBIT 2010/Osareh, Shadgar{\_}2010{\_}Machine learning techniques to diagnose breast cancer.pdf:pdf},
    isbn = {9781424459704},
    keywords = {Benign,Breast tumour,Classification,Feature selection and extraction,Malignant},
    mendeley-groups = {CS5099 Dissertation},
    pages = {114--120},
    title = {{Machine learning techniques to diagnose breast cancer}},
    year = {2010}
}

@article{Elter2009,
    author = {Elter, Matthias and Horsch, Alexander},
    doi = {10.1118/1.3121511},
    file = {:Users/ajaamour/Documents Local/Mendeley/Elter, Horsch/Medical Physics/Elter, Horsch{\_}2009{\_}CADx of mammographic masses and clustered microcalcifications A review.pdf:pdf},
    issn = {00942405},
    journal = {Medical Physics},
    keywords = {CADx,Computer-aided diagnosis,Mammography,Review},
    mendeley-groups = {CS5099 Dissertation},
    month = {jun},
    number = {6},
    pages = {2052--2068},
    publisher = {John Wiley and Sons Ltd},
    title = {{CADx of mammographic masses and clustered microcalcifications: A review}},
    volume = {36},
    year = {2009}
}

@misc{Litjens2017,
    author = {Litjens, Geert and Kooi, Thijs and Bejnordi, Babak Ehteshami and Setio, Arnaud Arindra Adiyoso and Ciompi, Francesco and Ghafoorian, Mohsen and van der Laak, Jeroen A.W.M. and van Ginneken, Bram and S{\'{a}}nchez, Clara I.},
    booktitle = {Medical Image Analysis},
    doi = {10.1016/j.media.2017.07.005},
    file = {:Users/ajaamour/Documents Local/Mendeley/Litjens et al/Medical Image Analysis/Litjens et al.{\_}2017{\_}A survey on deep learning in medical image analysis.pdf:pdf},
    issn = {13618423},
    keywords = {Convolutional neural networks,Deep learning,Medical imaging,Survey},
    mendeley-groups = {CS5099 Dissertation},
    month = {dec},
    pages = {60--88},
    pmid = {28778026},
    publisher = {Elsevier B.V.},
    title = {{A survey on deep learning in medical image analysis}},
    volume = {42},
    year = {2017}
}

@article{Yala2019,
    author = {Yala, Adam and Lehman, Constance and Schuster, Tal and Portnoi, Tally and Barzilay, Regina},
    doi = {10.1148/radiol.2019182716},
    file = {:Users/ajaamour/Documents Local/Mendeley/Yala et al/Radiology/Yala et al.{\_}2019{\_}A Deep Learning Mammography-based Model for Improved Breast Cancer Risk Prediction.pdf:pdf},
    issn = {0033-8419},
    journal = {Radiology},
    mendeley-groups = {CS5099 Dissertation},
    month = {jul},
    number = {1},
    pages = {60--66},
    publisher = {Radiological Society of North America Inc.},
    title = {{A Deep Learning Mammography-based Model for Improved Breast Cancer Risk Prediction}},
    url = {http://pubs.rsna.org/doi/10.1148/radiol.2019182716},
    volume = {292},
    year = {2019}
}

@book{Geron2019,
    archivePrefix = {arXiv},
    arxivId = {arXiv:1011.1669v3},
    author = {G{\'{e}}ron, Aurelien},
    doi = {10.1017/CBO9781107415324.004},
    edition = {2nd},
    eprint = {arXiv:1011.1669v3},
    file = {:Users/ajaamour/Documents Local/Mendeley/G{\'{e}}ron/Unknown/G{\'{e}}ron{\_}2019{\_}Hands-On Machine Learning with Scikit-Learn, Keras {\&} TensorFlow.pdf:pdf},
    isbn = {9788578110796},
    issn = {1098-6596},
    mendeley-groups = {CS5014},
    pmid = {25246403},
    publisher = {O'Reilly Media},
    title = {{Hands-On Machine Learning with Scikit-Learn, Keras {\&} TensorFlow}},
    year = {2019}
}
