\usepackage{url}

%%%%%%%%%%%%%%%%%%%%%%%%%%%%%%%%%%%%%%%%%%%%%%%%%%%%%%%%%%%%%%%%%%%%%%%%%%%%%%%%%%
% Introduction
%%%%%%%%%%%%%%%%%%%%%%%%%%%%%%%%%%%%%%%%%%%%%%%%%%%%%%%%%%%%%%%%%%%%%%%%%%%%%%%%%%

@misc{BreastCancerResearchUK,
    author = {{Cancer Research UK}},
    title = {{Breast cancer statistics}},
    howpublished = {{\url{https://www.cancerresearchuk.org/health-professional/cancer-statistics/statistics-by-cancer-type/breast-cancer}}},
    note={{[Online] Accessed: 2020-05-28}},
    year = {{2020}}
}

@article{cokkinides2005american,
  title={American cancer society: Cancer facts and figures},
  author={Cokkinides, V and Albano, J and Samuels, A and Ward, ME and Thum, JM},
  journal={Atlanta: American Cancer Society},
  year={2005}
}

@misc{pep8, 
    title={PEP 8: Style Guide for Python Code}, 
    howpublished={\url{https://www.python.org/dev/peps/pep-0008/}}, 
    note={[Online] Accessed: 2020-06-01},
    year = {{2020}}
}

%%%%%%%%%%%%%%%%%%%%%%%%%%%%%%%%%%%%%%%%%%%%%%%%%%%%%%%%%%%%%%%%%%%%%%%%%%%%%%%%%%
% Literature Review
%%%%%%%%%%%%%%%%%%%%%%%%%%%%%%%%%%%%%%%%%%%%%%%%%%%%%%%%%%%%%%%%%%%%%%%%%%%%%%%%%%

@inproceedings{Osareh2010,
    author = {Osareh, Alireza and Shadgar, Bita},
    booktitle = {2010 5th International Symposium on Health Informatics and Bioinformatics, HIBIT 2010},
    doi = {10.1109/HIBIT.2010.5478895},
    file = {:Users/ajaamour/Documents Local/Mendeley/Osareh, Shadgar/2010 5th International Symposium on Health Informatics and Bioinformatics, HIBIT 2010/Osareh, Shadgar{\_}2010{\_}Machine learning techniques to diagnose breast cancer.pdf:pdf},
    isbn = {9781424459704},
    keywords = {Benign,Breast tumour,Classification,Feature selection and extraction,Malignant},
    mendeley-groups = {CS5099 Dissertation},
    pages = {114--120},
    title = {{Machine learning techniques to diagnose breast cancer}},
    year = {2010}
}

@article{Elter2009,
    author = {Elter, Matthias and Horsch, Alexander},
    doi = {10.1118/1.3121511},
    file = {:Users/ajaamour/Documents Local/Mendeley/Elter, Horsch/Medical Physics/Elter, Horsch{\_}2009{\_}CADx of mammographic masses and clustered microcalcifications A review.pdf:pdf},
    issn = {00942405},
    journal = {Medical Physics},
    keywords = {CADx,Computer-aided diagnosis,Mammography,Review},
    mendeley-groups = {CS5099 Dissertation},
    month = {jun},
    number = {6},
    pages = {2052--2068},
    publisher = {John Wiley and Sons Ltd},
    title = {{CADx of mammographic masses and clustered microcalcifications: A review}},
    volume = {36},
    year = {2009}
}

@misc{Litjens2017,
    author = {Litjens, Geert and Kooi, Thijs and Bejnordi, Babak Ehteshami and Setio, Arnaud Arindra Adiyoso and Ciompi, Francesco and Ghafoorian, Mohsen and van der Laak, Jeroen A.W.M. and van Ginneken, Bram and S{\'{a}}nchez, Clara I.},
    booktitle = {Medical Image Analysis},
    doi = {10.1016/j.media.2017.07.005},
    file = {:Users/ajaamour/Documents Local/Mendeley/Litjens et al/Medical Image Analysis/Litjens et al.{\_}2017{\_}A survey on deep learning in medical image analysis.pdf:pdf},
    issn = {13618423},
    keywords = {Convolutional neural networks,Deep learning,Medical imaging,Survey},
    mendeley-groups = {CS5099 Dissertation},
    month = {dec},
    pages = {60--88},
    pmid = {28778026},
    publisher = {Elsevier B.V.},
    title = {{A survey on deep learning in medical image analysis}},
    volume = {42},
    year = {2017}
}

@article{Yala2019,
    author = {Yala, Adam and Lehman, Constance and Schuster, Tal and Portnoi, Tally and Barzilay, Regina},
    doi = {10.1148/radiol.2019182716},
    file = {:Users/ajaamour/Documents Local/Mendeley/Yala et al/Radiology/Yala et al.{\_}2019{\_}A Deep Learning Mammography-based Model for Improved Breast Cancer Risk Prediction.pdf:pdf},
    issn = {0033-8419},
    journal = {Radiology},
    mendeley-groups = {CS5099 Dissertation},
    month = {jul},
    number = {1},
    pages = {60--66},
    publisher = {Radiological Society of North America Inc.},
    title = {{A Deep Learning Mammography-based Model for Improved Breast Cancer Risk Prediction}},
    url = {\url{http://pubs.rsna.org/doi/10.1148/radiol.2019182716}},
    volume = {292},
    year = {2019}
}

@book{Geron2019,
    archivePrefix = {arXiv},
    arxivId = {arXiv:1011.1669v3},
    author = {G{\'{e}}ron, Aurelien},
    doi = {10.1017/CBO9781107415324.004},
    edition = {2nd},
    eprint = {arXiv:1011.1669v3},
    file = {:Users/ajaamour/Documents Local/Mendeley/G{\'{e}}ron/Unknown/G{\'{e}}ron{\_}2019{\_}Hands-On Machine Learning with Scikit-Learn, Keras {\&} TensorFlow.pdf:pdf},
    isbn = {9788578110796},
    issn = {1098-6596},
    mendeley-groups = {CS5014},
    pmid = {25246403},
    publisher = {O'Reilly Media},
    title = {{Hands-On Machine Learning with Scikit-Learn, Keras {\&} TensorFlow}},
    year = {2019}
}

@article{Yue2018,
    author = {Yue, Wenbin and Wang, Zidong and Chen, Hongwei and Payne, Annette and Liu, Xiaohui},
    doi = {10.3390/designs2020013},
    file = {:Users/ajaamour/Documents Local/Mendeley/Yue et al/Designs/Yue et al.{\_}2018{\_}Machine Learning with Applications in Breast Cancer Diagnosis and Prognosis(2).pdf:pdf},
    issn = {2411-9660},
    journal = {Designs},
    keywords = {Wisconsin breast cancer database,artificial neural networks,breast cancer,decision tree,healthcare system,k,machine learning,nearest neighbor,support vector machine},
    mendeley-groups = {CS5098 Dissertation},
    month = {may},
    number = {2},
    pages = {13},
    publisher = {MDPI AG},
    title = {{Machine Learning with Applications in Breast Cancer Diagnosis and Prognosis}},
    url = {\url{http://www.mdpi.com/2411-9660/2/2/13}},
    volume = {2},
    year = {2018}
}

@inproceedings{Asri2016,
    author = {Asri, Hiba and Mousannif, Hajar and {Al Moatassime}, Hassan and Noel, Thomas},
    booktitle = {Procedia Computer Science},
    doi = {10.1016/j.procs.2016.04.224},
    file = {:Users/ajaamour/Documents Local/Mendeley/Asri et al/Procedia Computer Science/Asri et al.{\_}2016{\_}Using Machine Learning Algorithms for Breast Cancer Risk Prediction and Diagnosis.pdf:pdf},
    issn = {18770509},
    keywords = {Breast cancer,C4.5,Classification,Effectiveness,Efficiency,NB,SVM,k-NN},
    mendeley-groups = {CS5098 Dissertation},
    month = {jan},
    pages = {1064--1069},
    publisher = {Elsevier},
    title = {{Using Machine Learning Algorithms for Breast Cancer Risk Prediction and Diagnosis}},
    volume = {83},
    year = {2016}
}

@misc{Paliwal2009,
    author = {Paliwal, Mukta and Kumar, Usha A.},
    booktitle = {Expert Systems with Applications},
    doi = {10.1016/j.eswa.2007.10.005},
    file = {:Users/ajaamour/Documents Local/Mendeley/Paliwal, Kumar/Expert Systems with Applications/Paliwal, Kumar{\_}2009{\_}Neural networks and statistical techniques A review of applications.pdf:pdf},
    issn = {09574174},
    keywords = {Discriminant analysis,Logistic regression,Neural network,Regression analysis},
    mendeley-groups = {CS5098 Dissertation},
    month = {jan},
    number = {1},
    pages = {2--17},
    publisher = {Pergamon},
    title = {{Neural networks and statistical techniques: A review of applications}},
    volume = {36},
    year = {2009}
}

@article{Shen2017,
    archivePrefix = {arXiv},
    arxivId = {1708.09427},
    author = {Shen, Li and Margolies, Laurie R. and Rothstein, Joseph H. and Fluder, Eugene and McBride, Russell B. and Sieh, Weiva},
    doi = {10.1038/s41598-019-48995-4},
    eprint = {1708.09427},
    file = {:Users/ajaamour/Documents Local/Mendeley/Shen et al/Scientific Reports/Shen et al.{\_}2017{\_}Deep Learning to Improve Breast Cancer Early Detection on Screening Mammography(2).pdf:pdf},
    journal = {Scientific Reports},
    mendeley-groups = {CS5098 Dissertation},
    month = {aug},
    number = {1},
    publisher = {Nature Publishing Group},
    title = {{Deep Learning to Improve Breast Cancer Early Detection on Screening Mammography}},
    url = {\url{http://arxiv.org/abs/1708.09427 http://dx.doi.org/10.1038/s41598-019-48995-4}},
    volume = {9},
    year = {2017}
}

@article{Montazeri2016,
    author = {Montazeri, Mahdieh and Montazeri, Mitra and Montazeri, Mohadeseh and Beigzadeh, Amin},
    doi = {10.3233/THC-151071},
    issn = {09287329},
    journal = {Technology and Health Care},
    keywords = {Breast cancer survival prediction,classification,machine learning models},
    mendeley-groups = {CS5098 Dissertation},
    month = {jan},
    number = {1},
    pages = {31--42},
    publisher = {IOS Press},
    title = {{Machine learning models in breast cancer survival prediction}},
    volume = {24},
    year = {2016}
}

@inproceedings{DDSMdataset2001,
    author = {{Michael Heath, Kevin Bowyer, Daniel Kopans}, Richard Moore and W. Philip Kegelmeyer},
    booktitle = {Fifth International Workshop on Digital Mammography},
    mendeley-groups = {CS5099 Dissertation},
    pages = {212--218},
    publisher = {Medical Physics Publishing},
    title = {{The Digital Database for Screening Mammography}},
    year = {2001}
}

@misc{Wolberg1995,
    author = {Wolberg, William H. and Street, W. Nick and Mangasarian, Olvi L.},
    title = {{UCI Machine Learning Repository: Breast Cancer Wisconsin (Diagnostic) Data Set}},
    howpublished = {\url{https://archive.ics.uci.edu/ml/datasets/Breast+Cancer+Wisconsin+{\%}28Diagnostic{\%}29}},
    note={{[Online] Accessed: 2020-06-16}},
    year = {1995}
}

@article{peterson2009k,
  title={K-nearest neighbor},
  author={Peterson, Leif E},
  journal={Scholarpedia},
  volume={4},
  number={2},
  pages={1883},
  year={2009}
}

@inproceedings{rish2001empirical,
  title={An empirical study of the naive Bayes classifier},
  author={Rish, Irina and others},
  booktitle={IJCAI 2001 workshop on empirical methods in artificial intelligence},
  volume={3},
  number={22},
  pages={41--46},
  year={2001}
}

@book{russell2002artificial,
  title={Artificial intelligence: a modern approach},
  author={Russell, Stuart and Norvig, Peter},
  year={2002}
}
